@article{kuzilek2017open,
  title={Open university learning analytics dataset},
  author={Kuzilek, Jakub and Hlosta, Martin and Zdrahal, Zdenek},
  journal={Scientific data},
  volume={4},
  number={1},
  pages={1--8},
  year={2017},
  publisher={Nature Publishing Group}
}

@article{hussain2018student,
  title={Student engagement predictions in an e-learning system and their impact on student course assessment scores},
  author={Hussain, Mushtaq and Zhu, Wenhao and Zhang, Wu and Abidi, Syed Muhammad Raza},
  journal={Computational intelligence and neuroscience},
  volume={2018},
  year={2018},
  publisher={Hindawi}
}

@article{waheed2020predicting,
  title={Predicting academic performance of students from VLE big data using deep learning models},
  author={Waheed, Hajra and Hassan, Saeed-Ul and Aljohani, Naif Radi and Hardman, Julie and Alelyani, Salem and Nawaz, Raheel},
  journal={Computers in Human behavior},
  volume={104},
  pages={106189},
  year={2020},
  publisher={Elsevier}
}

@article{hassan2019virtual,
  title={Virtual learning environment to predict withdrawal by leveraging deep learning},
  author={Hassan, Saeed-Ul and Waheed, Hajra and Aljohani, Naif R and Ali, Mohsen and Ventura, Sebasti{\'a}n and Herrera, Francisco},
  journal={International Journal of Intelligent Systems},
  volume={34},
  number={8},
  pages={1935--1952},
  year={2019},
  publisher={Wiley Online Library}
}

@techreport{sanders2015powered,
  title={“Powered to Detect Small Effect Sizes”: You keep saying that. I do not think it means what you think it means.},
  author={Sanders, Michael and Chonaire, Aisling Ni and others},
  year={2015},
  institution={The Centre for Market and Public Organisation, University of Bristol, UK}
}

@article{smith2015english,
  title={The English indices of deprivation 2015},
  author={Smith, Tom and Noble, Michael and Noble, Stefan and Wright, Gemma and McLennan, David and Plunkett, Emma and others},
  journal={London: Department for Communities and Local Government},
  year={2015}
}

@misc{hastie1990generalized,
  title={Generalized adolitive models},
  author={Hastie, TJ and Tibshirani, RJ},
  year={1990},
  publisher={Chapman \& Hall, CRC Press}
}